@article{nakamoto2008bitcoin,
  title={Bitcoin: A peer-to-peer electronic cash system},
  author={Nakamoto, Satoshi}
}

@article{massey1996estimating,
  title={Estimating the parameters of a nonhomogeneous Poisson process with linear rate},
  author={Massey, William A and Parker, Geraldine A and Whitt, Ward},
  journal={Telecommunication Systems},
  volume={5},
  number={2},
  pages={361--388},
  year={1996},
  publisher={Springer}
}

@inproceedings{decker2013information,
  title={Information propagation in the bitcoin network},
  author={Decker, Christian and Wattenhofer, Roger},
  booktitle={Peer-to-Peer Computing (P2P), 2013 IEEE Thirteenth International Conference on},
  pages={1--10},
  year={2013},
  organization={IEEE}
}

@article{sompolinsky2013accelerating,
  title={Accelerating Bitcoin's Transaction Processing. Fast Money Grows on Trees, Not Chains.},
  author={Sompolinsky, Yonatan and Zohar, Aviv},
  journal={IACR Cryptology ePrint Archive},
  volume={2013},
  pages={881},
  year={2013}
}

@article{macheta2014counterfeiting,
  title={Counterfeiting via Merkle Tree Exploits within Virtual Currencies Employing the CryptoNote Protocol},
  author={Macheta, Jan and Noether, Sarang and Noether, Surae and Smooth, Javier},
  year={2014}
}

@incollection{eyal2014majority,
  title={Majority is not enough: Bitcoin mining is vulnerable},
  author={Eyal, Ittay and Sirer, Emin G{\"u}n},
  booktitle={Financial Cryptography and Data Security},
  pages={436--454},
  year={2014},
  publisher={Springer}
}

@article{gillespie1977exact,
  title={Exact stochastic simulation of coupled chemical reactions},
  author={Gillespie, Daniel T},
  journal={The journal of physical chemistry},
  volume={81},
  number={25},
  pages={2340--2361},
  year={1977},
  publisher={ACS Publications}
}

@article{kraft2015difficulty,
  title={Difficulty Control for Blockchain-Based Consensus Systems},
  author={Kraft, Daniel},
  year={2015}
}

@book{serfozo2009basics,
  title={Basics of applied stochastic processes},
  author={Serfozo, Richard},
  year={2009},
  publisher={Springer Science \& Business Media}
}
